%% This BibTeX bibliography file was created using BibDesk.
%% http://bibdesk.sourceforge.net/


%% Created for Michael Stewart at 2014-01-09 23:53:32 -0500 


%% Saved with string encoding Unicode (UTF-8) 



@misc{diehard2008thorp,
	Author = {Jeb Stuart [screenplay], Roderick Thorp [novel]},
	Date-Added = {2014-01-12 14:11:10 +0000},
	Date-Modified = {2014-01-12 14:13:32 +0000},
	Howpublished = {Movie},
	Month = {July},
	Title = {Die Hard},
	Year = {1988}}

@webpage{catapult,
	Date-Added = {2014-01-10 03:57:58 +0000},
	Date-Modified = {2014-01-10 03:59:18 +0000},
	Lastchecked = {January 9, 2013},
	Title = {Science Project Experiment Catapult Kit (S.P.E.C.K.) by RLT Industries},
	Url = {http://www.amazon.com/Science-Project-Experiment-Catapult-S-P-E-C-K/dp/B001CHV1QW},
	Bdsk-Url-1 = {http://www.csprinciples.org/}}

@article{shipman1999formality,
	Author = {Shipman III, Frank M and Marshall, Catherine C},
	Date-Added = {2014-01-10 03:57:35 +0000},
	Date-Modified = {2014-01-10 03:57:35 +0000},
	Journal = {Computer Supported Cooperative Work (CSCW)},
	Number = {4},
	Pages = {333--352},
	Publisher = {Springer},
	Title = {Formality considered harmful: Experiences, emerging themes, and directions on the use of formal representations in interactive systems},
	Volume = {8},
	Year = {1999}}

@book{brandt1972studying,
	Author = {Brandt, Richard Martin},
	Date-Added = {2014-01-10 03:57:14 +0000},
	Date-Modified = {2014-01-10 03:57:14 +0000},
	Publisher = {Holt, Rinehart and Winston New York},
	Title = {Studying behavior in natural settings},
	Year = {1972}}

@webpage{operationalct,
	Date-Added = {2014-01-10 03:56:17 +0000},
	Date-Modified = {2014-01-10 03:56:51 +0000},
	Lastchecked = {January 9, 2013},
	Title = {Operational Definition of Computational Thinking of the International Society for Technology in Education (ISTE)},
	Url = {http://www.iste.org/learn/computational-thinking/ct-operational-definition},
	Bdsk-Url-1 = {http://www.csprinciples.org/}}

@book{papert1980mindstorms,
	Author = {Papert, Seymour},
	Date-Added = {2014-01-10 03:55:49 +0000},
	Date-Modified = {2014-01-10 03:55:49 +0000},
	Publisher = {Basic Books, Inc.},
	Title = {Mindstorms: Children, computers, and powerful ideas},
	Year = {1980}}

@article{wilensky2006thinking,
	Author = {Wilensky, Uri and Reisman, Kenneth},
	Date-Added = {2014-01-10 03:55:20 +0000},
	Date-Modified = {2014-01-10 03:55:20 +0000},
	Journal = {Cognition and instruction},
	Number = {2},
	Pages = {171--209},
	Publisher = {Taylor \& Francis},
	Title = {Thinking like a wolf, a sheep, or a firefly: Learning biology through constructing and testing computational theories---an embodied modeling approach},
	Volume = {24},
	Year = {2006}}

@article{driscoll2005psychology,
	Author = {Driscoll, Marcy Perkins and Driscoll, Marcy P},
	Date-Added = {2014-01-10 03:54:37 +0000},
	Date-Modified = {2014-01-10 03:54:37 +0000},
	Publisher = {Allyn and Bacon Boston},
	Title = {Psychology of learning for instruction},
	Year = {2005}}

@inproceedings{weller2008escape,
	Author = {Weller, Michael Philetus and Do, Ellen Yi-Luen and Gross, Mark D},
	Booktitle = {Proceedings of the 7th international conference on Interaction design and children},
	Date-Added = {2014-01-10 03:52:37 +0000},
	Date-Modified = {2014-01-10 03:52:37 +0000},
	Organization = {ACM},
	Pages = {282--289},
	Title = {Escape machine: teaching computational thinking with a tangible state machine game},
	Year = {2008}}

@webpage{picassotiles3d,
	Date-Added = {2014-01-10 03:52:05 +0000},
	Date-Modified = {2014-01-10 03:52:20 +0000},
	Lastchecked = {January 9, 2013},
	Title = {Picasso Tiles 3D},
	Url = {http://picassotiles.com/},
	Bdsk-Url-1 = {http://www.csprinciples.org/}}

@webpage{robotturtles,
	Date-Added = {2014-01-10 03:50:48 +0000},
	Date-Modified = {2014-01-10 03:51:07 +0000},
	Lastchecked = {January 9, 2013},
	Title = {Robot Turtles: The Board Game for Little Programmers},
	Url = {http://www.kickstarter.com/projects/danshapiro/robot-turtles-the-board-game-for-little-programmer},
	Bdsk-Url-1 = {http://www.csprinciples.org/}}

@article{berland2011collaborative,
	Author = {Berland, Matthew and Lee, Victor R},
	Date-Added = {2014-01-10 03:50:04 +0000},
	Date-Modified = {2014-01-10 03:50:04 +0000},
	Journal = {International Journal of Game-Based Learning},
	Number = {2},
	Pages = {65},
	Publisher = {IGI Global},
	Title = {Collaborative strategic board games as a site for distributed computational thinking},
	Volume = {1},
	Year = {2011}}

@article{malone1987making,
	Author = {Malone, Thomas W and Lepper, Mark R},
	Date-Added = {2014-01-10 03:49:41 +0000},
	Date-Modified = {2014-01-10 03:49:41 +0000},
	Journal = {Aptitude, learning, and instruction},
	Pages = {223--253},
	Title = {Making learning fun: A taxonomy of intrinsic motivations for learning},
	Volume = {3},
	Year = {1987}}

@inproceedings{schweikardt2006roblocks,
	Author = {Schweikardt, Eric and Gross, Mark D},
	Booktitle = {Proceedings of the 8th international conference on Multimodal interfaces},
	Date-Added = {2014-01-10 03:48:38 +0000},
	Date-Modified = {2014-01-10 03:48:38 +0000},
	Organization = {ACM},
	Pages = {72--75},
	Title = {roBlocks: a robotic construction kit for mathematics and science education},
	Year = {2006}}

@inproceedings{raffle2004topobo,
	Author = {Raffle, Hayes Solos and Parkes, Amanda J and Ishii, Hiroshi},
	Booktitle = {Proceedings of the SIGCHI conference on Human factors in computing systems},
	Date-Added = {2014-01-10 03:47:59 +0000},
	Date-Modified = {2014-01-10 03:47:59 +0000},
	Organization = {ACM},
	Pages = {647--654},
	Title = {Topobo: a constructive assembly system with kinetic memory},
	Year = {2004}}

@inproceedings{eisenberg2002computationally,
	Author = {Eisenberg, Michael and Eisenberg, Ann and Gross, Mark and Kaowthumrong, Khomkrit and Lee, Nathaniel and Lovett, Will},
	Booktitle = {Proceedings of the Fifth International Conference of the Learning Sciences},
	Date-Added = {2014-01-10 03:47:29 +0000},
	Date-Modified = {2014-01-10 03:47:29 +0000},
	Pages = {23--26},
	Title = {Computationally-enhanced construction kits for children: Prototype and principles},
	Year = {2002}}

@inproceedings{resnick1998digital,
	Author = {Resnick, Mitchel and Martin, Fred and Berg, Robert and Borovoy, Rick and Colella, Vanessa and Kramer, Kwin and Silverman, Brian},
	Booktitle = {Proceedings of the SIGCHI conference on Human factors in computing systems},
	Date-Added = {2014-01-10 03:46:18 +0000},
	Date-Modified = {2014-01-10 03:46:18 +0000},
	Organization = {ACM Press/Addison-Wesley Publishing Co.},
	Pages = {281--287},
	Title = {Digital manipulatives: new toys to think with},
	Year = {1998}}

@book{liebschner1992child,
	Author = {Liebschner, Joachim},
	Date-Added = {2014-01-10 03:44:43 +0000},
	Date-Modified = {2014-01-10 03:44:43 +0000},
	Publisher = {Lutterworth Press Cambridge},
	Title = {A child's work: Freedom and play in Froebel's educational theory and practice},
	Year = {1992}}

@article{brown1989situated,
	Author = {Brown, John Seely and Collins, Allan and Duguid, Paul},
	Date-Added = {2014-01-10 03:43:41 +0000},
	Date-Modified = {2014-01-10 03:43:41 +0000},
	Journal = {Educational researcher},
	Number = {1},
	Pages = {32--42},
	Publisher = {Sage Publications},
	Title = {Situated cognition and the culture of learning},
	Volume = {18},
	Year = {1989}}

@article{turkle1990epistemological,
	Author = {Turkle, Sherry and Papert, Seymour},
	Date-Added = {2014-01-10 03:43:00 +0000},
	Date-Modified = {2014-01-10 03:43:00 +0000},
	Journal = {Signs},
	Number = {1},
	Pages = {128--157},
	Publisher = {JSTOR},
	Title = {Epistemological pluralism: Styles and voices within the computer culture},
	Volume = {16},
	Year = {1990}}

@article{blackwell2008abstract,
	Author = {Blackwell, Alan F and Church, Luke and Green, TRG},
	Date-Added = {2014-01-10 03:40:38 +0000},
	Date-Modified = {2014-01-10 03:40:38 +0000},
	Journal = {Submitted to PPIG},
	Title = {The abstract is `an enemy': Alternative perspectives to computational thinking},
	Year = {2008}}

@webpage{csunplugged,
	Date-Added = {2014-01-10 03:38:55 +0000},
	Date-Modified = {2014-01-10 04:53:30 +0000},
	Lastchecked = {January 9, 2013},
	Title = {{C}{S} {U}nplugged},
	Url = {http://csunplugged.org/},
	Bdsk-Url-1 = {http://www.csprinciples.org/}}

@inproceedings{guzdial2003media,
	Author = {Guzdial, Mark},
	Booktitle = {ACM SIGCSE Bulletin},
	Date-Added = {2014-01-10 03:38:38 +0000},
	Date-Modified = {2014-01-10 03:38:38 +0000},
	Number = {3},
	Organization = {ACM},
	Pages = {104--108},
	Title = {A media computation course for non-majors},
	Volume = {35},
	Year = {2003}}

@article{pausch1995alice,
	Author = {Pausch, Randy and Burnette, Tommy and Capeheart, AC and Conway, Matthew and Cosgrove, Dennis and DeLine, Rob and Durbin, Jim and Gossweiler, Rich and Koga, Shuichi and White, Jeff},
	Date-Added = {2014-01-10 03:37:46 +0000},
	Date-Modified = {2014-01-10 03:37:46 +0000},
	Journal = {IEEE Computer Graphics and Applications},
	Number = {3},
	Pages = {8--11},
	Title = {Alice: Rapid prototyping system for virtual reality},
	Volume = {15},
	Year = {1995}}

@webpage{logo-readings,
	Date-Added = {2014-01-10 03:36:57 +0000},
	Date-Modified = {2014-01-10 03:37:17 +0000},
	Lastchecked = {January 9, 2013},
	Title = {Readings from the AI Lab},
	Url = {http://logothings.wikispaces.com/Readings},
	Bdsk-Url-1 = {http://www.csprinciples.org/}}

@webpage{cs-astronomy,
	Date-Added = {2014-01-10 03:31:30 +0000},
	Date-Modified = {2014-01-10 03:35:19 +0000},
	Lastchecked = {January 9, 2013},
	Title = {Computer Science - Wikiquote},
	Url = {http://en.wikiquote.org/wiki/Computer_science#Disputed},
	Bdsk-Url-1 = {http://www.csprinciples.org/}}

@article{guzdial2008education,
	Author = {Guzdial, Mark},
	Date-Added = {2014-01-10 03:29:08 +0000},
	Date-Modified = {2014-01-10 03:29:08 +0000},
	Journal = {Communications of the ACM},
	Number = {8},
	Pages = {25--27},
	Publisher = {ACM},
	Title = {Education Paving the way for computational thinking},
	Volume = {51},
	Year = {2008}}

@webpage{vtlongrange,
	Date-Added = {2014-01-10 03:28:03 +0000},
	Date-Modified = {2014-01-10 03:28:45 +0000},
	Lastchecked = {January 9, 2013},
	Title = {Virginia Tech Long Range Plan},
	Url = {http://www.longrangeplan.vt.edu/},
	Bdsk-Url-1 = {http://www.csprinciples.org/}}

@book{national2010report,
	Author = {National Research Council},
	Date-Added = {2014-01-10 03:27:50 +0000},
	Date-Modified = {2014-01-10 03:27:50 +0000},
	Publisher = {National Academies Press},
	Title = {Report of a Workshop on the Scope and Nature of Computational Thinking},
	Year = {2010}}

@article{barr2011bringing,
	Author = {Barr, Valerie and Stephenson, Chris},
	Date-Added = {2014-01-10 03:26:21 +0000},
	Date-Modified = {2014-01-10 03:26:21 +0000},
	Journal = {ACM Inroads},
	Number = {1},
	Pages = {48--54},
	Publisher = {ACM},
	Title = {Bringing computational thinking to K-12: what is Involved and what is the role of the computer science education community?},
	Volume = {2},
	Year = {2011}}

@article{allan2010computational,
	Author = {Allan, W and Coulter, B and Denner, J and Erickson, J and Lee, I and Malyn-Smith, J and Martin, F},
	Date-Added = {2014-01-10 03:25:56 +0000},
	Date-Modified = {2014-01-10 03:25:56 +0000},
	Journal = {White Paper for the ITEST Small Working Group on Computational Thinking (CT)},
	Title = {Computational thinking for youth},
	Year = {2010}}

@webpage{csprinciples,
	Date-Added = {2014-01-10 03:23:37 +0000},
	Date-Modified = {2014-01-10 04:53:11 +0000},
	Lastchecked = {January 9, 2013},
	Title = {{C}{S} {P}rinciples},
	Url = {http://www.csprinciples.org/}}

@article{denning2003great,
	Author = {Denning, Peter J},
	Date-Added = {2014-01-10 03:23:26 +0000},
	Date-Modified = {2014-01-10 03:23:26 +0000},
	Journal = {Communications of the ACM},
	Number = {11},
	Pages = {15--20},
	Publisher = {ACM},
	Title = {Great principles of computing},
	Volume = {46},
	Year = {2003}}

@article{wing2008computational,
	Author = {Wing, Jeannette M},
	Date-Added = {2014-01-10 03:23:07 +0000},
	Date-Modified = {2014-01-10 03:23:07 +0000},
	Journal = {Philosophical Transactions of the Royal Society A: Mathematical, Physical and Engineering Sciences},
	Number = {1881},
	Pages = {3717--3725},
	Publisher = {The Royal Society},
	Title = {Computational thinking and thinking about computing},
	Volume = {366},
	Year = {2008}}

@article{wing2006computational,
	Author = {Wing, Jeannette M},
	Date-Added = {2014-01-10 03:22:50 +0000},
	Date-Modified = {2014-01-10 03:22:50 +0000},
	Journal = {Communications of the ACM},
	Number = {3},
	Pages = {33--35},
	Title = {Computational thinking},
	Volume = {49},
	Year = {2006}}
